<?xml version="1.0" encoding="UTF-8"?><collection xmlns="http://www.loc.gov/MARC21/slim"><record><leader>00471nam--2200145-i-4500</leader><controlfield tag="001">000013971</controlfield><controlfield tag="002">20161230</controlfield><controlfield tag="005">20170210131018</controlfield><controlfield tag="008">060222s1000------------r-----000-0-eng-d</controlfield><datafield ind1="1" ind2=" " tag="100"><subfield code="a">Borislav, Cristici</subfield></datafield><datafield ind1="1" ind2="0" tag="245"><subfield code="a">Matematici speciale</subfield><subfield code="c">Banzaru, T., Lipovan, O., Neagu, M., Neamtu N., Neuhaus, N., Rendi, B., Rendi, Dorina, Sturz, I</subfield></datafield><datafield ind1=" " ind2=" " tag="260"><subfield code="a">Bucuresti</subfield><subfield code="b">Editura Didactica Si Pedagogica</subfield><subfield code="c">1981</subfield></datafield><datafield ind1=" " ind2=" " tag="300"><subfield code="a">518 p</subfield></datafield><datafield ind1=" " ind2=" " tag="852"><subfield code="a">49411</subfield><subfield code="c">517.5</subfield></datafield><datafield ind1=" " ind2=" " tag="CAT"><subfield code="a">SYS</subfield><subfield code="c">20170210</subfield><subfield code="h">131018</subfield></datafield></record></collection>